@article{litjens2017survey,
  title={A survey on deep learning in medical image analysis},
  author={Litjens, Geert and Kooi, Thijs and Bejnordi, Babak Ehteshami and Setio, Arnaud Arindra Adiyoso and Ciompi, Francesco and Ghafoorian, Mohsen and van der Laak, Jeroen AWM},
  journal={Medical image analysis},
  volume={42},
  pages={60--88},
  year={2017},
  publisher={Elsevier}
}

@article{pereira2016brain,
  title={Brain tumor segmentation using convolutional neural networks in MRI images},
  author={Pereira, S{\'e}rgio and Pinto, Adriano and Alves, Victor and Silva, Carlos A},
  journal={IEEE transactions on medical imaging},
  volume={35},
  number={5},
  pages={1240--1251},
  year={2016},
  publisher={IEEE}
}

@article{shen2017deep,
  title={Deep learning in medical image analysis},
  author={Shen, Dinggang and Wu, Guorong and Suk, Heung-Il},
  journal={Annual review of biomedical engineering},
  volume={19},
  pages={221--248},
  year={2017},
  publisher={Annual Reviews}
}

@article{zhang2020dual,
  title={Dual-path encoder--decoder network for brain tumor segmentation},
  author={Zhang, Yicheng and Zhang, Bo and Chen, Chao and Zhu, Sheng and Zhang, Dazhi and Wang, Li},
  journal={IEEE Journal of Biomedical and Health Informatics},
  volume={24},
  number={6},
  pages={1412--1421},
  year={2020},
  publisher={IEEE}
}

@article{kamnitsas2017efficient,
  title={Efficient multi-scale 3D CNN with fully connected CRF for accurate brain lesion segmentation},
  author={Kamnitsas, Konstantinos and Ledig, Christian and Newcombe, Virginia FJ and Simpson, John P and Kane, Andrew D and Menon, David K and Glocker, Ben},
  journal={Medical image analysis},
  volume={36},
  pages={61--78},
  year={2017},
  publisher={Elsevier}
}

@article{isensee2021nnU,
  title={nnU-Net: a self-configuring method for deep learning-based biomedical image segmentation},
  author={Isensee, Fabian and Petersen, Jens and Klein, Andre and Zimmerer, David and Jaeger, Paul F and Kohl, Simon and Maier-Hein, Klaus H},
  journal={Nature methods},
  volume={18},
  number={2},
  pages={203--211},
  year={2021},
  publisher={Nature Publishing Group}
}
